<?xml version="1.0" encoding="UTF-8"?><record xmlns="http://www.loc.gov/MARC21/slim" xmlns:cinclude="http://apache.org/cocoon/include/1.0" xmlns:zs="http://www.loc.gov/zing/srw/">
  <leader>00337nz  a2200133n  4500</leader>
  <controlfield tag="001">no2010168103</controlfield>
  <controlfield tag="003">DLC</controlfield>
  <controlfield tag="005">20101017075139.0</controlfield>
  <controlfield tag="008">101015n| acannaabn          |n aaa     c</controlfield>
  <datafield tag="010" ind1=" " ind2=" ">
    <subfield code="a">no2010168103</subfield>
  </datafield>
  <datafield tag="035" ind1=" " ind2=" ">
    <subfield code="a">(OCoLC)oca08657483</subfield>
  </datafield>
  <datafield tag="040" ind1=" " ind2=" ">
    <subfield code="a">WlAbNL</subfield>
    <subfield code="b">eng</subfield>
    <subfield code="c">WlAbNL</subfield>
  </datafield>
  <datafield tag="100" ind1="1" ind2=" ">
    <subfield code="a">Emyr, Gwen</subfield>
  </datafield>
  <datafield tag="670" ind1=" " ind2=" ">
    <subfield code="a">Hyd eithaf y ddaear, 2010:</subfield>
    <subfield code="b">t.p. (Gwen Emyr)</subfield>
  </datafield>
</record>